% Front-end web developer - Learn web development | MDN [online]
@misc{mdn_front_end_web_developer,
    author = {Mozilla Developer Network},
    title = {Front-end web developer - Learn web development | MDN [online]},
    howpublished = {Dostupné z: \url{https://developer.mozilla.org/en-US/docs/Learn/Front-end_web_developer}},
    year = {2023},
    note = {[cit. 2023-06-26]},
}

% Introduction to the server side - Learn web development | MDN [online]
@misc{mdn_server_side_first_steps_introduction,
    author = {Mozilla Developer Network},
    title = {Introduction to the server side - Learn web development | MDN [online]},
    howpublished = {Dostupné z: \url{https://developer.mozilla.org/en-US/docs/Learn/Server-side/First_steps/Introduction}},
    year = {2023},
    note = {[cit. 2023-06-26]},
}

% What is JavaScript? - Learn web development | MDN [online]
@misc{mdn_javascript_first_steps_what_is_javascript,
    author = {Mozilla Developer Network},
    title = {What is JavaScript? - Learn web development | MDN [online]},
    howpublished = {Dostupné z: \url{https://developer.mozilla.org/en-US/docs/Learn/JavaScript/First_steps/What_is_JavaScript}},
    year = {2023},
    note = {[cit. 2023-06-26]},
}

% Getting started with the web - Learn web development | MDN [online]
@misc{mdn_getting_started_with_the_web,
    author = {Mozilla Developer Network},
    title = {Getting started with the web - Learn web development | MDN [online]},
    howpublished = {Dostupné z: \url{https://developer.mozilla.org/en-US/docs/Learn/Getting_started_with_the_web}},
    year = {2023},
    note = {[cit. 2023-06-26]},
}

% Introduction to client-side frameworks - Learn web development | MDN [online]
@misc{mdn_tools_and_testing_client_side_javascript_frameworks_introduction,
    author = {Mozilla Developer Network},
    title = {Introduction to client-side frameworks - Learn web development | MDN [online]},
    howpublished = {Dostupné z: \url{https://developer.mozilla.org/en-US/docs/Learn/Tools_and_testing/Client-side_JavaScript_frameworks/Introduction}},
    year = {2023},
    note = {[cit. 2023-06-26]},
}

% SVG: Scalable Vector Graphics | MDN [online]
@misc{mdn_svg,
    author = {Mozilla Developer Network},
    title = {SVG: Scalable Vector Graphics | MDN [online]},
    howpublished = {Dostupné z: \url{https://developer.mozilla.org/en-US/docs/Web/SVG}},
    year = {2023},
    note = {[cit. 2023-06-26]},
}

% Transforms on SVG Elements | CSS-Tricks [online]
@misc{ct_css_tricks_com_transforms_on_svg_elements,
    author = {CSS Tricks},
    title = {Transforms on SVG Elements | CSS-Tricks [online]},
    howpublished = {Dostupné z: \url{https://css-tricks.com/transforms-on-svg-elements}},
    year = {2019},
    note = {[cit. 2023-06-26]},
}

% Canvas API - Web APIs | MDN [online]
@misc{mdn_api_canvas_api,
    author = {Mozilla Developer Network},
    title = {Canvas API - Web APIs | MDN [online]},
    howpublished = {Dostupné z: \url{https://developer.mozilla.org/en-US/docs/Web/API/Canvas_API}},
    year = {2023},
    note = {[cit. 2023-06-26]},
}

% Building up a basic demo with Three.js - Game development | MDN [online]
@misc{mdn_games_techniques_3d_on_the_web_building_up_a_basic_demo_with_three_js,
    author = {Mozilla Developer Network},
    title = {Building up a basic demo with Three.js - Game development | MDN [online]},
    howpublished = {Dostupné z: \url{https://developer.mozilla.org/en-US/docs/Games/Techniques/3D_on_the_web/Building_up_a_basic_demo_with_Three.js}},
    year = {2023},
    note = {[cit. 2023-06-26]},
}

% Top 5 CSS Frameworks for Developers and Designers | BrowserStack [online]
@misc{bs_guide_top_css_frameworks,
    author = {Browser Stack},
    title = {Top 5 CSS Frameworks for Developers and Designers | BrowserStack [online]},
    howpublished = {Dostupné z: \url{https://www.browserstack.com/guide/top-css-frameworks}},
    year = {2023},
    note = {[cit. 2023-06-26]},
}

% What is open source? [online]
@misc{o_resources_what_open_source,
    author = {opensource.com},
    title = {What is open source? [online]},
    howpublished = {Dostupné z: \url{https://opensource.com/resources/what-open-source}},
    year = {2023},
    note = {[cit. 2023-06-26]},
}

% What is open source? [online]
@misc{rh_open_source_what_is_open_source,
    author = {Red Hat},
    title = {What is open source? [online]},
    howpublished = {Dostupné z: \url{https://www.redhat.com/en/topics/open-source/what-is-open-source}},
    year = {2023},
    note = {[cit. 2023-06-26]},
}

% React | Meta Open Source [online]
@misc{fos_projects_react,
    author = {Facebook Open Source},
    title = {React | Meta Open Source [online]},
    howpublished = {Dostupné z: \url{https://opensource.fb.com/projects/react}},
    year = {2023},
    note = {[cit. 2023-06-26]},
}

% Virtual DOM and Internals – React [online]
@misc{r_docs_faq_internals_what_is_the_virtual_dom,
    author = {React},
    title = {Virtual DOM and Internals – React [online]},
    howpublished = {Dostupné z: \url{https://legacy.reactjs.org/docs/faq-internals.html#what-is-the-virtual-dom}},
    year = {2023},
    note = {[cit. 2023-06-26]},
}

% Describing the UI – React [online]
@misc{r_learn_describing_the_ui,
    author = {React},
    title = {Describing the UI – React [online]},
    howpublished = {Dostupné z: \url{https://react.dev/learn/describing-the-ui}},
    year = {2023},
    note = {[cit. 2023-06-26]},
}

% Difference between TypeScript and JavaScript - GeeksforGeeks [online]
@misc{g_www_geeksforgeeks_org_difference_between_typescript_and_javascript,
    author = {GeeksforGeeks},
    title = {Difference between TypeScript and JavaScript - GeeksforGeeks [online]},
    howpublished = {Dostupné z: \url{https://www.geeksforgeeks.org/difference-between-typescript-and-javascript}},
    year = {2023},
    note = {[cit. 2023-06-26]},
}

% The Relevance of TypeScript in 2022 | CSS-Tricks [online]
@misc{ct_the_relevance_of_typescript_in_2022_,
    author = {CSS Tricks},
    title = {The Relevance of TypeScript in 2022 | CSS-Tricks [online]},
    howpublished = {Dostupné z: \url{https://css-tricks.com/the-relevance-of-typescript-in-2022/}},
    year = {2022},
    note = {[cit. 2023-06-26]},
}

% nextjs.org docs [online]
@misc{n_nextjs_org_docs,
    author = {Next.js},
    title = {nextjs.org docs [online]},
    howpublished = {Dostupné z: \url{https://nextjs.org/docs}},
    year = {2023},
    note = {[cit. 2023-06-26]},
}

% Mantine [online]
@misc{m__mantine_dev,
    author = {Mantine},
    title = {Mantine [online]},
    howpublished = {Dostupné z: \url{https://mantine.dev}},
    year = {2023},
    note = {[cit. 2023-06-26]},
}

% Tailwind CSS - Rapidly build modern websites without ever leaving your HTML. [online]
@misc{tc__tailwindcss_com,
    author = {Tailwind CSS},
    title = {Tailwind CSS - Rapidly build modern websites without ever leaving your HTML. [online]},
    howpublished = {Dostupné z: \url{https://tailwindcss.com}},
    year = {2023},
    note = {[cit. 2023-06-26]},
}

% Prettier · Opinionated Code Formatter [online]
@misc{p__prettier_io,
    author = {Prettier},
    title = {Prettier · Opinionated Code Formatter [online]},
    howpublished = {Dostupné z: \url{https://prettier.io}},
    year = {2023},
    note = {[cit. 2023-06-26]},
}

% Find and fix problems in your JavaScript code - ESLint - Pluggable JavaScript Linter [online]
@misc{e__eslint_org,
    author = {ESLint},
    title = {Find and fix problems in your JavaScript code - ESLint - Pluggable JavaScript Linter [online]},
    howpublished = {Dostupné z: \url{https://eslint.org}},
    year = {2023},
    note = {[cit. 2023-06-26]},
}

% SPA vs. MPA: Pros, Cons & How To Make Final Choice - SimiCart [online]
@misc{w_blog_spa_vs_mpa,
    author = {www.simicart.com},
    title = {SPA vs. MPA: Pros, Cons & How To Make Final Choice - SimiCart [online]},
    howpublished = {Dostupné z: \url{https://www.simicart.com/blog/spa-vs-mpa}},
    year = {2023},
    note = {[cit. 2023-06-26]},
}

% MUI: The React component library you always wanted [online]
@misc{m__mui_com,
    author = {MUI},
    title = {MUI: The React component library you always wanted [online]},
    howpublished = {Dostupné z: \url{https://mui.com}},
    year = {2023},
    note = {[cit. 2023-06-26]},
}

% Node.js [online]
@misc{n__nodejs_org,
    author = {nodejs.org},
    title = {Node.js [online]},
    howpublished = {Dostupné z: \url{https://nodejs.org}},
    year = {2023},
    note = {[cit. 2023-06-26]},
}

% Fast, disk space efficient package manager | pnpm [online]
@misc{p__pnpm_io,
    author = {pnpm.io},
    title = {Fast, disk space efficient package manager | pnpm [online]},
    howpublished = {Dostupné z: \url{https://pnpm.io}},
    year = {2023},
    note = {[cit. 2023-06-26]},
}

% Popular React Folder Structures and Screaming Architecture [online]
@misc{p_article_react_folder_structure,
    author = {profy.dev},
    title = {Popular React Folder Structures and Screaming Architecture [online]},
    howpublished = {Dostupné z: \url{https://profy.dev/article/react-folder-structure}},
    year = {2023},
    note = {[cit. 2023-06-26]},
}

%  git-scm.com [online]
@misc{g__git_scm_com,
    author = {Git},
    title = { git-scm.com [online]},
    howpublished = {Dostupné z: \url{https://git-scm.com}},
    year = {2023},
    note = {[cit. 2023-06-26]},
}

% docs git-push [online]
@misc{g_docs_git_push,
    author = {Git},
    title = {docs git-push [online]},
    howpublished = {Dostupné z: \url{https://git-scm.com/docs/git-push}},
    year = {2023},
    note = {[cit. 2023-06-26]},
}

% Build software better, together [online]
@misc{g_github_com_about,
    author = {GitHub},
    title = {Build software better, together [online]},
    howpublished = {Dostupné z: \url{https://github.com/about}},
    year = {2023},
    note = {[cit. 2023-06-26]},
}

% GitHub Student Developer Pack [online]
@misc{e_education_github_com_pack,
    author = {education.github.com},
    title = {GitHub Student Developer Pack [online]},
    howpublished = {Dostupné z: \url{https://education.github.com/pack}},
    year = {2023},
    note = {[cit. 2023-06-26]},
}

% Vercel Documentation [online]
@misc{vd_vercel_com_docs,
    author = {Vercel Documentation},
    title = {Vercel Documentation [online]},
    howpublished = {Dostupné z: \url{https://vercel.com/docs}},
    year = {2023},
    note = {[cit. 2023-06-26]},
}

% Learn | Next.js [online]
@misc{n_basics_api_routes,
    author = {Next.js},
    title = {Learn | Next.js [online]},
    howpublished = {Dostupné z: \url{https://nextjs.org/learn/basics/api-routes}},
    year = {2023},
    note = {[cit. 2023-06-26]},
}

% The WebSocket API (WebSockets) - Web APIs | MDN [online]
@misc{mdn_api_websockets_api,
    author = {Mozilla Developer Network},
    title = {The WebSocket API (WebSockets) - Web APIs | MDN [online]},
    howpublished = {Dostupné z: \url{https://developer.mozilla.org/en-US/docs/Web/API/WebSockets_API}},
    year = {2023},
    note = {[cit. 2023-06-26]},
}

% Seating plans. How do we render? [online]
@misc{s_blog_seating_plan_rendering,
    author = {seatmap.pro},
    title = {Seating plans. How do we render? [online]},
    howpublished = {Dostupné z: \url{https://seatmap.pro/blog/seating-plan-rendering}},
    year = {2020},
    note = {[cit. 2023-06-26]},
}

