%
%  BIBLIOGRAFICKÁ DATABÁZE
%
%  ===========================================================================

@misc{mdn-svg,
    title = {SVG: Scalable Vector Graphics},
    author = {{Mozilla Developer Network}},
    year = {Přístup 2023},
    url = {https://developer.mozilla.org/en-US/docs/Web/SVG},
    note = {cit. 02.04.2023}
}

@misc{mdn_web_css_hover,
    author = "Mozilla Developer Network",
    title = ":hover",
    howpublished = "\url{https://developer.mozilla.org/en-US/docs/Web/CSS/:hover}",
    year = 2021,
    note = "[online; přístup dne 16. dubna 2023]"
}

