%✅ Maslow

@book{maslow_motivace_osobnost,
    author = {MASLOW, Abraham Harold},
    title = {Motivace a osobnost},
    year = 2021,
    publisher = {Portál},
    address = {Praha},
    isbn = {978-80-262-1728-2},
    translator = {LE ROCH, Pavla}
}
% ✅Bradley

@misc{bradley_hierarchy_of_needs,
    author = {Bradley, Steven},
    title = {Designing for a Hierarchy of Needs},
    year = {2010},
    month = {4},
    howpublished = {Available from: \url{https://www.smashingmagazine.com/2010/04/designing-for-a-hierarchy-of-needs/}},
}
% ✅Getting started with the web - Learn web development | MDN [online]

@misc{mdn_getting_started_with_the_web,
    author = {Mozilla Developer Network},
    title = {Getting started with the web - Learn web development | MDN [online]},
    howpublished = {Available from: \url{https://developer.mozilla.org/en-US/docs/Learn/Getting_started_with_the_web}},
    year = {2023},
}
% ✅Introduction to client-side frameworks - Learn web development | MDN [online]

@misc{mdn_tools_and_testing_client_side_javascript_frameworks_introduction,
    author = {Mozilla Developer Network},
    title = {Introduction to client-side frameworks - Learn web development | MDN [online]},
    howpublished = {Available from: \url{https://developer.mozilla.org/en-US/docs/Learn/Tools_and_testing/Client-side_JavaScript_frameworks/Introduction}},
    year = {2023},
}
% ✅ Transforms on SVG Elements | CSS-Tricks [online]

@misc{ct_css_tricks_com_transforms_on_svg_elements,
    author = {CSS Tricks},
    title = {Transforms on SVG Elements | CSS-Tricks [online]},
    howpublished = {Available from: \url{https://css-tricks.com/transforms-on-svg-elements}},
    year = {2019},
}
% Top 5 CSS Frameworks for Developers and Designers | BrowserStack [online]

@misc{bs_guide_top_css_frameworks,
    author = {Browser Stack},
    title = {Top 5 CSS Frameworks for Developers and Designers | BrowserStack [online]},
    howpublished = {Available from: \url{https://www.browserstack.com/guide/top-css-frameworks}},
    year = {2023},
}
% Popular React Folder Structures and Screaming Architecture [online]

@misc{p_article_react_folder_structure,
    author = {profy.dev},
    title = {Popular React Folder Structures and Screaming Architecture [online]},
    howpublished = {Available from: \url{https://profy.dev/article/react-folder-structure}},
    year = {2023},
}
% Seating plans. How do we render? [online]

@misc{s_blog_seating_plan_rendering,
    author = {seatmap.pro},
    title = {Seating plans. How do we render? [online]},
    howpublished = {Available from: \url{https://seatmap.pro/blog/seating-plan-rendering}},
    year = {2020},
}
% UX vs. UI Design: What's the Difference? [2023 Guide] [online]

@misc{c_ux_design_the_difference_between_ux_and_ui_design_a_laymans_guide,
    author = {careerfoundry.com},
    title = {UX vs. UI Design: What's the Difference? [2023 Guide] [online]},
    howpublished = {Available from: \url{https://careerfoundry.com/en/blog/ux-design/the-difference-between-ux-and-ui-design-a-laymans-guide}},
    year = {2023},
}
% User Stories: A Foundation for UI Design | UX Booth [online]

@misc{w_articles_user_stories_a_foundation_for_ui_design,
    author = {www.uxbooth.com},
    title = {User Stories: A Foundation for UI Design | UX Booth [online]},
    howpublished = {Available from: \url{https://www.uxbooth.com/articles/user-stories-a-foundation-for-ui-design}},
    year = {2023},
}
